<record><leader>00000cas a22000007a 4500</leader><controlfield tag="001">13077493</controlfield><controlfield tag="008">860129d189u1960wiuwr ne      0    0eng d</controlfield><datafield ind1=" " ind2=" " tag="010"><subfield code="a">sn 86086080 </subfield></datafield><datafield ind1=" " ind2=" " tag="040"><subfield code="a">NPV</subfield><subfield code="b">eng</subfield><subfield code="c">NPV</subfield><subfield code="d">OCLCQ</subfield></datafield><datafield ind1=" " ind2=" " tag="042"><subfield code="a">msc</subfield></datafield><datafield ind1=" " ind2=" " tag="045"><subfield code="a">w9x6</subfield></datafield><datafield ind1=" " ind2=" " tag="052"><subfield code="a">4123</subfield><subfield code="b">G6</subfield></datafield><datafield ind1="0" ind2=" " tag="130"><subfield code="a">Bloomington record (Bloomington, Wis. : 1896)</subfield></datafield><datafield ind1="1" ind2="4" tag="245"><subfield code="a">The Bloomington record.</subfield></datafield><datafield ind1="1" ind2="3" tag="246"><subfield code="a">Cassville index</subfield></datafield><datafield ind1=" " ind2=" " tag="260"><subfield code="a">Bloomington, Wis. :</subfield><subfield code="b">[E. Brooks],</subfield><subfield code="c">-1960.</subfield></datafield><datafield ind1=" " ind2=" " tag="300"><subfield code="a">v. :</subfield><subfield code="b">ill.</subfield></datafield><datafield ind1=" " ind2=" " tag="310"><subfield code="a">Weekly</subfield></datafield><datafield ind1="0" ind2=" " tag="362"><subfield code="a">-v. 80, no. 29 (Jan. 14, 1960).</subfield></datafield><datafield ind1=" " ind2=" " tag="500"><subfield code="a">Publisher varies.</subfield></datafield><datafield ind1=" " ind2=" " tag="500"><subfield code="a">Added masthead: The Cassville Index, Vol. 30, no. 25 (Aug. 16, 1917)--v. 31, no. 27 (Aug. 29, 1918).</subfield></datafield><datafield ind1=" " ind2=" " tag="500"><subfield code="a">Editors: E. Brooks, &lt;Oct. 22, 1896&gt;-May 11, 1899; H.C. Craig, Oct. 29, 1903-Feb. 2, 1904; A.C. Bishop, Feb. 9, 1904-March 27, 1929; M.M. Welsh, Feb. 16, 1944-March 14, 1945; R.F. Hampton, March 21, 1945-Oct. 6, 1948; B.P. Pritchett, Jan. 25, 1956-Dec. 31, 1959.</subfield></datafield><datafield ind1=" " ind2=" " tag="525"><subfield code="a">Supplements accompany some issues.</subfield></datafield><datafield ind1=" " ind2=" " tag="530"><subfield code="a">Available on microfilm from The State Historical Society of Wisconsin.</subfield></datafield><datafield ind1=" " ind2=" " tag="588"><subfield code="a">Description based on: Vol. 16, no. 47 (June 4, 1896).</subfield></datafield><datafield ind1=" " ind2=" " tag="752"><subfield code="a">United States</subfield><subfield code="b">Wisconsin</subfield><subfield code="c">Grant</subfield><subfield code="d">Bloomington.</subfield></datafield><datafield ind1="0" ind2="4" tag="780"><subfield code="t">Cassville index</subfield><subfield code="w">(DLC)sn 85041435</subfield></datafield><datafield ind1="0" ind2="0" tag="785"><subfield code="t">Record (Bloomington, Wis. : 1960)</subfield><subfield code="w">(DLC)sn 86086081</subfield></datafield><datafield ind1="1" ind2=" " tag="029"><subfield code="a">AU@</subfield><subfield code="b">000023564020</subfield></datafield></record>